

@article{ref1,
author = {Kannala J., Brandt S.S.},
journal = {EEE Transactions on Pattern Analysis and Machine Intelligence, Vol.28(8)},
title = {A generic camera model and calibration method for conventional, wide-angle, and fish-eye lenses},
year = {2006},
month = {08},
pages = {1335-1340},
}

@article{ref2,
author = {Matas J., Galambos C., Kittler J.},
journal = {Computer Vision and Image Understanding, 78(1)},
title = {Robust detection of lines using the progressive probabilistic hough transform},
year = {2000},
month = {04},
pages = {119â€“137},
}

@book{ref3,
author={Gary Bradski, Adrian Kaebler},
title={Learning OpenCV : computer vision with the OpenCV Library},
publisher={O'Reilly Media},
year={2008},
}

@misc{ref4,
title={Qt Documentation 5.9},
year={2012},
note={https://doc.qt.io/qt-5.9/index.html},
}
